@article{RN33,
   author = {Barnett, K. and Mercer, S. W. and Norbury, M. and Watt, G. and Wyke, S. and Guthrie, B.},
   title = {Epidemiology of multimorbidity and implications for health care, research, and medical education: a cross-sectional study},
   journal = {Lancet},
   volume = {380},
   number = {9836},
   pages = {37-43},
   ISSN = {0140-6736},
   DOI = {10.1016/S0140-6736(12)60240-2},
   url = {http://www.sciencedirect.com/science/article/pii/S0140673612602402},
   year = {2012},
   type = {Journal Article}
}

